@article{greve2003behavioral,
  title={A behavioral theory of R\&D expenditures and innovations: Evidence from shipbuilding},
  author={Greve, Henrich R},
  journal={Academy of management journal},
  volume={46},
  number={6},
  pages={685--702},
  year={2003},
  publisher={Academy of Management Briarcliff Manor, NY 10510}
}

@article{lam2016impact,
  title={The impact of firmsâ€™ social media initiatives on operational efficiency and innovativeness},
  author={Lam, Hugo KS and Yeung, Andy CL and Cheng, TC Edwin},
  journal={Journal of Operations Management},
  volume={47},
  pages={28--43},
  year={2016},
  publisher={Elsevier}
}

@article{cyert1963behavioral,
  title={A behavioral theory of the firm},
  author={Cyert, Richard M and March, James G and others},
  journal={Englewood Cliffs, NJ},
  volume={2},
  number={4},
  pages={169--187},
  year={1963}
}
@article{simon1955behavioral,
  title={Gradient-based learning applied to document recognition},
  author={Y. LeCun, L. Bottou, Y. Bengio, and P. Haffner},
  journal={Proceedings of the IEEE},
  volume={86},
  number={11},
  pages={2278-2324},
  year={1998},
  publisher={Proceedings of the IEEE}
}




